@misc{urbanasmartsolutions,
    author    = "Urbana Smart Solutions srl",
    title     = "https://www.urbanasolutions.net"
}

@misc{protoio,
    author    = "Proto.io",
    title     = "https://proto.io",
    url       = "https://proto.io"
}

@misc{cardview,
    author    = "CardView",
    title     = "Definiamo CardView una vista rettangolo con un border radius e del contenuto di testo e immagini variabile"
}

@misc{deeplinks,
    author   = "iOS Universal Links",
    title    = "https://developer.apple.com/ios/universal-links/",
    url      = "https://developer.apple.com/ios/universal-links/"
}